{
  "leader": "02767cas a2200553 i 4500",
  "fields": [
    {
      "001": "ocm01759175\\"
    },
    {
      "003": "OCoLC"
    },
    {
      "005": "20220712103305.0"
    },
    {
      "008": "751101d18921984nju\\x\\\\\\\\h\\\\\\\\0\\\\\\a0engd\\"
    },
    {
      "010": {
        "ind1": "\\",
        "ind2": "\\",
        "subfields": [
          {
            "a": "   21021756 "
          },
          {
            "z": "   06038537 "
          }
        ]
      }
    },
    {
      "040": {
        "ind1": "\\",
        "ind2": "\\",
        "subfields": [
          {
            "a": "DLC"
          },
          {
            "b": "eng"
          },
          {
            "e": "rda"
          },
          {
            "c": "MUL"
          },
          {
            "d": "YUS"
          },
          {
            "d": "DLC"
          },
          {
            "d": "OCL"
          },
          {
            "d": "NST"
          },
          {
            "d": "OCL"
          },
          {
            "d": "NST"
          },
          {
            "d": "DLC"
          },
          {
            "d": "NST"
          },
          {
            "d": "IUL"
          },
          {
            "d": "NST"
          },
          {
            "d": "HUL"
          },
          {
            "d": "OCL"
          },
          {
            "d": "IUL"
          },
          {
            "d": "OCL"
          },
          {
            "d": "WAU"
          },
          {
            "d": "KRTAS"
          },
          {
            "d": "HEBIS"
          },
          {
            "d": "GBVCP"
          },
          {
            "d": "OCLCO"
          },
          {
            "d": "OCLCQ"
          },
          {
            "d": "OCLCF"
          },
          {
            "d": "DEBBG"
          },
          {
            "d": "OCLCO"
          },
          {
            "d": "FEM"
          },
          {
            "d": "XFF"
          },
          {
            "d": "IUL"
          },
          {
            "d": "SNC"
          },
          {
            "d": "WCM"
          },
          {
            "d": "BRL"
          },
          {
            "d": "TYC"
          },
          {
            "d": "CSO"
          },
          {
            "d": "OCL"
          },
          {
            "d": "JQF"
          }
        ]
      }
    },
    {
      "012": {
        "ind1": "\\",
        "ind2": "\\",
        "subfields": [
          {
            "a": "3"
          },
          {
            "b": "3"
          }
        ]
      }
    },
    {
      "015": {
        "ind1": "\\",
        "ind2": "\\",
        "subfields": [
          {
            "a": "016794877"
          },
          {
            "2": "dnb"
          }
        ]
      }
    },
    {
      "016": {
        "ind1": "7",
        "ind2": "\\",
        "subfields": [
          {
            "a": "1150984-3"
          },
          {
            "2": "DE-600"
          }
        ]
      }
    },
    {
      "016": {
        "ind1": "7",
        "ind2": "\\",
        "subfields": [
          {
            "a": "016794877"
          },
          {
            "2": "DE-101"
          }
        ]
      }
    },
    {
      "019": {
        "ind1": "\\",
        "ind2": "\\",
        "subfields": [
          {
            "a": "3435201"
          },
          {
            "a": "4367790"
          },
          {
            "a": "8679449"
          },
          {
            "a": "12651937"
          },
          {
            "a": "21627677"
          },
          {
            "a": "49777803"
          },
          {
            "a": "852172318"
          },
          {
            "a": "969010478"
          },
          {
            "a": "978715599"
          },
          {
            "a": "979628784"
          },
          {
            "a": "980074377"
          },
          {
            "a": "988465966"
          },
          {
            "a": "1001493333"
          },
          {
            "a": "1010977719"
          },
          {
            "a": "1011784931"
          },
          {
            "a": "1015689012"
          },
          {
            "a": "1034968573"
          },
          {
            "a": "1083418553"
          }
        ]
      }
    },
    {
      "035": {
        "ind1": "\\",
        "ind2": "\\",
        "subfields": [
          {
            "a": "(OCoLC)1759175"
          },
          {
            "z": "(OCoLC)3435201"
          },
          {
            "z": "(OCoLC)4367790"
          },
          {
            "z": "(OCoLC)8679449"
          },
          {
            "z": "(OCoLC)12651937"
          },
          {
            "z": "(OCoLC)21627677"
          },
          {
            "z": "(OCoLC)49777803"
          },
          {
            "z": "(OCoLC)852172318"
          },
          {
            "z": "(OCoLC)969010478"
          },
          {
            "z": "(OCoLC)978715599"
          },
          {
            "z": "(OCoLC)979628784"
          },
          {
            "z": "(OCoLC)980074377"
          },
          {
            "z": "(OCoLC)988465966"
          },
          {
            "z": "(OCoLC)1001493333"
          },
          {
            "z": "(OCoLC)1010977719"
          },
          {
            "z": "(OCoLC)1011784931"
          },
          {
            "z": "(OCoLC)1015689012"
          },
          {
            "z": "(OCoLC)1034968573"
          },
          {
            "z": "(OCoLC)1083418553"
          }
        ]
      }
    },
    {
      "042": {
        "ind1": "\\",
        "ind2": "\\",
        "subfields": [
          {
            "a": "pcc"
          }
        ]
      }
    },
    {
      "043": {
        "ind1": "\\",
        "ind2": "\\",
        "subfields": [
          {
            "a": "n-us---"
          }
        ]
      }
    },
    {
      "050": {
        "ind1": "0",
        "ind2": "0",
        "subfields": [
          {
            "a": "E176"
          },
          {
            "b": ".N27"
          }
        ]
      }
    },
    {
      "082": {
        "ind1": "0",
        "ind2": "4",
        "subfields": [
          {
            "a": "920.073"
          },
          {
            "b": "NAT"
          }
        ]
      }
    },
    {
      "096": {
        "ind1": "\\",
        "ind2": "\\",
        "subfields": [
          {
            "a": "92 N277"
          }
        ]
      }
    },
    {
      "245": {
        "ind1": "0",
        "ind2": "4",
        "subfields": [
          {
            "a": "The National cyclop\u00e6dia of American biography."
          }
        ]
      }
    },
    {
      "246": {
        "ind1": "1",
        "ind2": "\\",
        "subfields": [
          {
            "i": "Vol. 53-v. N-63 have title:"
          },
          {
            "a": "National cyclopedia of American biography"
          }
        ]
      }
    },
    {
      "264": {
        "ind1": "\\",
        "ind2": "1",
        "subfields": [
          {
            "a": "New York :"
          },
          {
            "b": "James T. White,"
          },
          {
            "c": "1892-1984"
          }
        ]
      }
    },
    {
      "300": {
        "ind1": "\\",
        "ind2": "\\",
        "subfields": [
          {
            "a": "63 volumes :"
          },
          {
            "b": "illustrations ;"
          },
          {
            "c": "28 cm"
          }
        ]
      }
    },
    {
      "310": {
        "ind1": "\\",
        "ind2": "\\",
        "subfields": [
          {
            "a": "Irregular"
          }
        ]
      }
    },
    {
      "336": {
        "ind1": "\\",
        "ind2": "\\",
        "subfields": [
          {
            "a": "text"
          },
          {
            "b": "txt"
          },
          {
            "2": "rdacontent"
          }
        ]
      }
    },
    {
      "337": {
        "ind1": "\\",
        "ind2": "\\",
        "subfields": [
          {
            "a": "unmediated"
          },
          {
            "b": "n"
          },
          {
            "2": "rdamedia"
          }
        ]
      }
    },
    {
      "338": {
        "ind1": "\\",
        "ind2": "\\",
        "subfields": [
          {
            "a": "volume"
          },
          {
            "b": "nc"
          },
          {
            "2": "rdacarrier"
          }
        ]
      }
    },
    {
      "362": {
        "ind1": "0",
        "ind2": "\\",
        "subfields": [
          {
            "a": "Vol. 1 (published 1892)-v. N-63."
          }
        ]
      }
    },
    {
      "500": {
        "ind1": "\\",
        "ind2": "\\",
        "subfields": [
          {
            "a": "Published: Clifton, N.J. 1973-1984."
          }
        ]
      }
    },
    {
      "515": {
        "ind1": "\\",
        "ind2": "\\",
        "subfields": [
          {
            "a": "Vols. not issued consecutively."
          }
        ]
      }
    },
    {
      "515": {
        "ind1": "\\",
        "ind2": "\\",
        "subfields": [
          {
            "a": "Some v. issued in revised ed."
          }
        ]
      }
    },
    {
      "515": {
        "ind1": "\\",
        "ind2": "\\",
        "subfields": [
          {
            "a": "Vol. 15 issued in 2 parts."
          }
        ]
      }
    },
    {
      "515": {
        "ind1": "\\",
        "ind2": "\\",
        "subfields": [
          {
            "a": "Vol. for 1984 has both a letter and a number, N-63, and includes v. N. of Current volume."
          }
        ]
      }
    },
    {
      "525": {
        "ind1": "\\",
        "ind2": "\\",
        "subfields": [
          {
            "a": "Vol. 14 accompanied by a volume called Supplement 1."
          }
        ]
      }
    },
    {
      "588": {
        "ind1": "1",
        "ind2": "\\",
        "subfields": [
          {
            "a": "Volume 44 (1962)"
          }
        ]
      }
    },
    {
      "651": {
        "ind1": "\\",
        "ind2": "0",
        "subfields": [
          {
            "a": "United States"
          },
          {
            "v": "Biography"
          },
          {
            "v": "Dictionaries."
          }
        ]
      }
    },
    {
      "651": {
        "ind1": "\\",
        "ind2": "7",
        "subfields": [
          {
            "a": "United States."
          },
          {
            "2": "fast"
          },
          {
            "0": "(OCoLC)fst01204155"
          }
        ]
      }
    },
    {
      "655": {
        "ind1": "\\",
        "ind2": "7",
        "subfields": [
          {
            "a": "Biographies."
          },
          {
            "2": "fast"
          },
          {
            "0": "(OCoLC)fst01919896"
          }
        ]
      }
    },
    {
      "655": {
        "ind1": "\\",
        "ind2": "7",
        "subfields": [
          {
            "a": "Dictionaries."
          },
          {
            "2": "fast"
          },
          {
            "0": "(OCoLC)fst01423826"
          }
        ]
      }
    },
    {
      "655": {
        "ind1": "\\",
        "ind2": "7",
        "subfields": [
          {
            "a": "Biographies."
          },
          {
            "2": "lcgft"
          }
        ]
      }
    },
    {
      "770": {
        "ind1": "0",
        "ind2": "\\",
        "subfields": [
          {
            "t": "National cyclopaedia of American biography. Current volume"
          },
          {
            "w": "(DLC)   86643436"
          },
          {
            "w": "(OCoLC)2510562"
          }
        ]
      }
    },
    {
      "776": {
        "ind1": "0",
        "ind2": "8",
        "subfields": [
          {
            "i": "Online version:"
          },
          {
            "t": "National cyclopaedia of American biography"
          },
          {
            "w": "(OCoLC)754555174"
          }
        ]
      }
    },
    {
      "850": {
        "ind1": "\\",
        "ind2": "\\",
        "subfields": [
          {
            "a": "AzTeS"
          },
          {
            "a": "CLU"
          },
          {
            "a": "CU-Riv"
          },
          {
            "a": "CaOLU"
          },
          {
            "a": "DLC"
          },
          {
            "a": "IaAS"
          },
          {
            "a": "In"
          },
          {
            "a": "KMK"
          },
          {
            "a": "MH"
          },
          {
            "a": "MiDW"
          },
          {
            "a": "MnU"
          },
          {
            "a": "NhU"
          },
          {
            "a": "NvU"
          },
          {
            "a": "P"
          },
          {
            "a": "TxCM"
          },
          {
            "a": "TxHR"
          },
          {
            "a": "ViBlbV"
          },
          {
            "a": "WM"
          }
        ]
      }
    },
    {
      "994": {
        "ind1": "\\",
        "ind2": "\\",
        "subfields": [
          {
            "a": "Z0"
          },
          {
            "b": "NYRVC"
          }
        ]
      }
    },
    {
      "948": {
        "ind1": "\\",
        "ind2": "\\",
        "subfields": [
          {
            "h": "NO HOLDINGS IN NYRVC - 629 OTHER HOLDINGS"
          }
        ]
      }
    },
    {
      "999": {
        "ind1": "\\",
        "ind2": "\\",
        "subfields": [
          {
            "a": "00000000013617"
          },
          {
            "v": "Volume 44"
          }
        ]
      }
    }
  ]
}